<record>
    <!-- COMMENT: The above element is constant. Each thesis description is wrapped in this element.-->
  
     <leader>00000nam a2200325 i 4500</leader>
        <!-- COMMENT: The above element is constant.-->
  
     <controlfield tag="008">YYMMDDsDATE_CREATED_VALUE    mau|||||om||| 000|0|eng|d</controlfield>
  
     <datafield tag="035" ind1=" " ind2=" ">
            <subfield code="a">(ProQuestETD)PROQUEST_IDENTIFIER_VALUE</subfield>
     </datafield>
      
     <datafield tag="245" ind1="1" ind2="TITLE_INDICATOR_2_VALUE">
            <subfield code="a">TITLE_VALUE</subfield>
     </datafield>
        <!-- COMMENT: VARIABLES are in ALL CAPS.
            All other text is constant including spaces and punctuaion.
            The TITLE_INDICATOR_2_VALUE is determined from the TITLE VALUE
            as input to the Title Indicator table -->
             
     <datafield tag="337" ind1=" " ind2=" ">
         <subfield code="a">computer</subfield>
         <subfield code="b">c</subfield>
         <subfield code="2">rdamedia</subfield>
     </datafield> 
     <!-- COMMENT: The above element is constant.-->
  
     <datafield tag="338" ind1=" " ind2=" ">
         <subfield code="a">online resource</subfield>
         <subfield code="b">cr</subfield>
         <subfield code="2">rdacarrier</subfield>
     </datafield>
     <!-- COMMENT: The above element is constant.-->         
 
    <datafield tag="852" ind1="7" ind2=" ">
      <subfield code="b">NET</subfield>
      <subfield code="c">DRSAR</subfield>
      <subfield code="z">Preservation object,[DRS OBJECT URN]</subfield>
      <subfield code="2">ZHCL</subfield>    
    </datafield>   
     
    <datafield tag="506" ind1="1" ind2=" ">
      <subfield code="3">Archival copy</subfield>
      <subfield code="a">No online access</subfield>
      <subfield code="2">star</subfield>     
      <subfield code="5">MH</subfield>
    </datafield> 
 
    <datafield tag="583" ind1="1" ind2=" ">
         <subfield code="j">Harvard University Library</subfield>
         <subfield code="l">committed to preserve</subfield>
         <subfield code="5">MH</subfield>
    </datafield>
 
     <datafield tag="909" ind1=" " ind2=" ">
        <subfield code="k">netLIB_CODE_3_CHAR</subfield>
     </datafield>
      
</record>